NOTE: the text included in the \noopsort command is hidden when the reference is displayed in the bibliography, but is used when alphabetising the references. In the examples below, there is an author listed both as "Samuel Kaski" and "S. Kaski", which would ordinarily be alphabetised as different authors. By modifying both entries (using noopsort) so that they both appear to be "Samuel. Kaski" (by changing S. Kaski to S{amuel}. Kaski, and Samuel Kaski to Samuel{.} Kaski - braces indicate the hidden portions in each, respectively) to the alphabetiser, they are alphabetised correctly, while appearing in the correct form (as they were published).

@preamble{ "\newcommand{\noopsort}[1]{} "# "\newcommand{\singleletter}[1]{#1} " }


@article{lopez1987optimal,
  title={Optimal foraging in seed-harvester ants: computer-aided simulation},
  author={Lopez, Joaquin L Reyes},
  journal={Ecology},
  pages={1630--1633},
  year={1987},
  publisher={JSTOR}
}

@article{de1998modelling,
  title={Modelling collective foraging by means of individual behaviour rules in honey-bees},
  author={de Vries, Han and Biesmeijer, Jacobus C},
  journal={Behavioral Ecology and Sociobiology},
  volume={44},
  number={2},
  pages={109--124},
  year={1998},
  publisher={Springer}
}

@article{seeley1991collective,
  title={Collective decision-making in honey bees: how colonies choose among nectar sources},
  author={Seeley, Thomas D and Camazine, Scott and Sneyd, James},
  journal={Behavioral Ecology and Sociobiology},
  volume={28},
  number={4},
  pages={277--290},
  year={1991},
  publisher={Springer}
}

@article{cao1997cooperative,
  title={Cooperative mobile robotics: Antecedents and directions},
  author={Cao, Y Uny and Fukunaga, Alex S and Kahng, Andrew},
  journal={Autonomous robots},
  volume={4},
  number={1},
  pages={7--27},
  year={1997},
  publisher={Kluwer Academic Publishers}
}

@book{asama2013distributed,
  title={Distributed autonomous robotic systems 2},
  author={Asama, Hajime and Fukuda, Toshio and Arai, Tamio and Endo, Isao},
  year={2013},
  publisher={Springer Science \& Business Media}
}

@article{bonabeau1997self,
  title={Self-organization in social insects},
  author={Bonabeau, Eric and Theraulaz, Guy and Deneubourg, Jean-Louls and Aron, Serge and Camazine, Scott},
  journal={Trends in Ecology \& Evolution},
  volume={12},
  number={5},
  pages={188--193},
  year={1997},
  publisher={Elsevier}
}

@inproceedings{dudek1993taxonomy,
  title={A taxonomy for swarm robots},
  author={Dudek, Gregory and Jenkin, Michael and Milios, Evangelos and Wilkes, David},
  booktitle={Intelligent Robots and Systems' 93, IROS'93. Proceedings of the 1993 IEEE/RSJ International Conference on},
  volume={1},
  pages={441--447},
  year={1993},
  organization={IEEE}
}

@inproceedings{arai1989collision,
  title={Collision avoidance among multiple robots using virtual impedance},
  author={Arai, Tamio and Ogata, Hiroyuki and Suzuki, Takayasu},
  booktitle={Intelligent Robots and Systems' 89. The Autonomous Mobile Robots and Its Applications. IROS'89. Proceedings., IEEE/RSJ International Workshop on},
  pages={479--485},
  year={1989},
  organization={IEEE}
}

@article{arai2002editorial,
  title={Editorial: Advances in multi-robot systems},
  author={Arai, Tamio and Pagello, Enrico and Parker, Lynne E},
  journal={IEEE Transactions on robotics and automation},
  volume={18},
  number={5},
  pages={655--661},
  year={2002}
}

@inproceedings{premvuti1990consideration,
  title={Consideration on the cooperation of multiple autonomous mobile robots},
  author={Premvuti, Suparerk and Yuta, Shin'ichi},
  booktitle={Intelligent Robots and Systems' 90.'Towards a New Frontier of Applications', Proceedings. IROS'90. IEEE International Workshop on},
  pages={59--63},
  year={1990},
  organization={IEEE}
}

@inproceedings{asama1989design,
  title={Design of an autonomous and distributed robot system: ACTRESS},
  author={Asama, Hajime and Matsumoto, Akihiro and Ishida, Yoshiki},
  booktitle={IEEE/RSJ IROS},
  pages={283--290},
  year={1989}
}

@article{arkin1990integrating,
  title={Integrating behavioral, perceptual, and world knowledge in reactive navigation},
  author={Arkin, Ronald C},
  journal={Robotics and autonomous systems},
  volume={6},
  number={1},
  pages={105--122},
  year={1990},
  publisher={Elsevier}
}

@article{brooks1989robot,
  title={A robot that walks; emergent behaviors from a carefully evolved network},
  author={Brooks, Rodney A},
  journal={Neural computation},
  volume={1},
  number={2},
  pages={253--262},
  year={1989},
  publisher={MIT Press}
}

@inproceedings{flynn1989world,
  title={The world's largest one cubic inch robot},
  author={Flynn, Anita M and Brooks, Rodney and Wells III, William M and Barrett, David S and others},
  booktitle={Micro Electro Mechanical Systems, 1989, Proceedings, An Investigation of Micro Structures, Sensors, Actuators, Machines and Robots. IEEE},
  pages={98--101},
  year={1989},
  organization={IEEE}
}

@techreport{mataric1990distributed,
  title={A distributed model for mobile robot environment-learning and navigation},
  author={Mataric, Maja J},
  year={1990},
  institution={DTIC Document}
}

@article{mataric1995issues,
  title={Issues and approaches in the design of collective autonomous agents},
  author={Matari{\'c}, Maja J},
  journal={Robotics and autonomous systems},
  volume={16},
  number={2},
  pages={321--331},
  year={1995},
  publisher={Elsevier}
}

@inproceedings{fukuda1989communication,
  title={Communication method of cellular robotics CEBOT as a selforganizing robotic system},
  author={Fukuda, Toshio and Kawauchi, Yoshio and Buss, Martin},
  booktitle={Intelligent Robots and Systems' 89. The Autonomous Mobile Robots and Its Applications. IROS'89. Proceedings., IEEE/RSJ International Workshop on},
  pages={291--296},
  year={1989},
  organization={IEEE}
}

@inproceedings{fukuda1990analysis,
  title={Analysis and evaluation of cellular robotics (CEBOT) as a distributed intelligent system by communication information amount},
  author={Fukuda, Toshio and Kawauchi, Yoshio and Asama, Hajime},
  booktitle={Intelligent Robots and Systems' 90.'Towards a New Frontier of Applications', Proceedings. IROS'90. IEEE International Workshop on},
  pages={827--834},
  year={1990},
  organization={IEEE}
}

@inproceedings{freund1984design,
  title={On the design of multi-robot systems},
  author={Freund, E},
  booktitle={Robotics and Automation. Proceedings. 1984 IEEE International Conference on},
  volume={1},
  pages={477--490},
  year={1984},
  organization={IEEE}
}

@inproceedings{freund1986pathfinding,
  title={Pathfinding in multi-robot systems: Solution and applications},
  author={Freund, E and Hoyer, H},
  booktitle={Robotics and Automation. Proceedings. 1986 IEEE International Conference on},
  volume={3},
  pages={103--111},
  year={1986},
  organization={IEEE}
}

@inproceedings{beni1991theoretical,
  title={Theoretical problems for the realization of distributed robotic systems},
  author={Beni, Gerardo and Wang, Jing},
  booktitle={Robotics and Automation, 1991. Proceedings., 1991 IEEE International Conference on},
  pages={1914--1920},
  year={1991},
  organization={IEEE}
}

@article{flynn1987gnat,
  title={Gnat robots (and how they will change robotics)},
  author={Flynn, Anita M},
  year={1987},
  publisher={MIT Artificial Intelligence Laboratory}
}

@techreport{connell1989colony,
  title={A colony architecture for an artificial creature},
  author={Connell, Jonathan H},
  year={1989},
  institution={DTIC Document}
}

@article{brooks1986robust,
  title={A robust layered control system for a mobile robot},
  author={Brooks, Rodney and others},
  journal={Robotics and Automation, IEEE Journal of},
  volume={2},
  number={1},
  pages={14--23},
  year={1986},
  publisher={IEEE}
}

@article{brooks1990elephants,
  title={Elephants don't play chess},
  author={Brooks, Rodney A},
  journal={Robotics and autonomous systems},
  volume={6},
  number={1},
  pages={3--15},
  year={1990},
  publisher={Elsevier}
}

@article{dorigo2014swarm,
  title={Swarm robotics},
  author={Dorigo, Marco and Birattari, Mauro and Brambilla, Manuele},
  journal={Scholarpedia},
  volume={9},
  number={1},
  pages={1463},
  year={2014}
}

@article{gauthier1987interprocess,
  title={Interprocess communication for distributed robotics},
  author={Gauthier, David and Freedman, Paul and Carayannis, Gregory and Malowany, Alfred S},
  journal={Robotics and Automation, IEEE Journal of},
  volume={3},
  number={6},
  pages={493--504},
  year={1987},
  publisher={IEEE}
}

@article{jennings1993commitments,
  title={Commitments and conventions: The foundation of coordination in multi-agent systems},
  author={Jennings, Nick R},
  journal={The knowledge engineering review},
  volume={8},
  number={03},
  pages={223--250},
  year={1993},
  publisher={Cambridge Univ Press}
}

@article{kube1993collective,
  title={Collective robotics: From social insects to robots},
  author={Kube, C Ronald and Zhang, Hong},
  journal={Adaptive behavior},
  volume={2},
  number={2},
  pages={189--218},
  year={1993},
  publisher={Sage Publications}
}

@article{kushleyev2013towards,
  title={Towards a swarm of agile micro quadrotors},
  author={Kushleyev, Alex and Mellinger, Daniel and Powers, Caitlin and Kumar, Vijay},
  journal={Autonomous Robots},
  volume={35},
  number={4},
  pages={287--300},
  year={2013},
  publisher={Springer}
}

@incollection{mellinger2013cooperative,
  title={Cooperative grasping and transport using multiple quadrotors},
  author={Mellinger, Daniel and Shomin, Michael and Michael, Nathan and Kumar, Vijay},
  booktitle={Distributed autonomous robotic systems},
  pages={545--558},
  year={2013},
  publisher={Springer}
}

@inproceedings{rubenstein2012kilobot,
  title={Kilobot: A low cost scalable robot system for collective behaviors},
  author={Rubenstein, Michael and Ahler, Christian and Nagpal, Radhika},
  booktitle={Robotics and Automation (ICRA), 2012 IEEE International Conference on},
  pages={3293--3298},
  year={2012},
  organization={IEEE}
}

@incollection{schmickl2007navigation,
  title={A navigation algorithm for swarm robotics inspired by slime mold aggregation},
  author={Schmickl, Thomas and Crailsheim, Karl},
  booktitle={Swarm robotics},
  pages={1--13},
  year={2007},
  publisher={Springer}
}

@inproceedings{nouyan2006group,
  title={Group Transport Along a Robot Chain in a Self-Organised Robot Colony.},
  author={Nouyan, Shervin and Gro{\ss}, Roderich and Dorigo, Marco and Bonani, Michael and Mondada, Francesco},
  booktitle={IAS},
  pages={433--442},
  year={2006}
}

@inproceedings{werger1996robotic,
  title={Robotic" food" chains: Externalization of state and program for minimal-agent foraging},
  author={Werger, Barry Brian and Mataric, Maja J},
  booktitle={In (Maes et al},
  year={1996},
  organization={Citeseer}
}

@inproceedings{goss1992harvesting,
  title={Harvesting by a group of robots},
  author={Goss, Simon and Deneubourg, Jean-Louis},
  booktitle={Proceedings of the First European Conference on Artificial Life},
  pages={195--204},
  year={1992}
}

@incollection{nouyan2006chain,
  title={Chain based path formation in swarms of robots},
  author={Nouyan, Shervin and Dorigo, Marco},
  booktitle={Ant Colony Optimization and Swarm Intelligence},
  pages={120--131},
  year={2006},
  publisher={Springer}
}

@article{pacala1996effects,
  title={Effects of social group size on information transfer and task allocation},
  author={Pacala, Stephen W and Gordon, Deborah M and Godfray, HCJ},
  journal={Evolutionary Ecology},
  volume={10},
  number={2},
  pages={127--165},
  year={1996},
  publisher={Springer}
}

@article{gordon1992parallel,
  title={A parallel distributed model of the behaviour of ant colonies},
  author={Gordon, Deborah M and Goodwin, Brian C and Trainor, Lynn EH},
  journal={Journal of theoretical Biology},
  volume={156},
  number={3},
  pages={293--307},
  year={1992},
  publisher={Elsevier}
}

@article{beshers2001social,
  title={Social inhibition and the regulation of temporal polyethism in honey bees},
  author={Beshers, SN and Huang, ZY and Oono, Y and Robinson, GE},
  journal={Journal of Theoretical Biology},
  volume={213},
  number={3},
  pages={461--479},
  year={2001},
  publisher={Elsevier}
}

@article{huang1992honeybee,
  title={Honeybee colony integration: worker-worker interactions mediate hormonally regulated plasticity in division of labor},
  author={Huang, Zhi-Yong and Robinson, Gene E},
  journal={Proceedings of the National Academy of Sciences},
  volume={89},
  number={24},
  pages={11726--11729},
  year={1992},
  publisher={National Acad Sciences}
}

@article{theraulaz1998response,
  title={Response threshold reinforcements and division of labour in insect societies},
  author={Theraulaz, Guy and Bonabeau, Eric and Denuebourg, JN},
  journal={Proceedings of the Royal Society of London B: Biological Sciences},
  volume={265},
  number={1393},
  pages={327--332},
  year={1998},
  publisher={The Royal Society}
}

@article{plowright1988elitism,
  title={Elitism in social insects: a positive feedback model},
  author={Plowright, R Christopher and Plowright, Catherine MS},
  year={1988}
}

@article{deneubourg1987self,
  title={Self-organization mechanisms in ant societies. II: Learning in foraging and division of labor},
  author={Deneubourg, J-L and Goss, Simon and Pasteels, Jean-Michel and Fresneau, Dominique and Lachaud, J-P},
  journal={Experientia. Supplementum},
  number={54},
  pages={177--196},
  year={1987},
  publisher={Birkh{\"a}user}
}

@article{fewell1999division,
  title={Division of labor in a dynamic environment: response by honeybees (Apis mellifera) to graded changes in colony pollen stores},
  author={Fewell, Jennifer H and Bertram, Susan M},
  journal={Behavioral ecology and sociobiology},
  volume={46},
  number={3},
  pages={171--179},
  year={1999},
  publisher={Springer}
}

@inproceedings{page1990self,
  title={Self organization and adaptation in insect societies},
  author={Page Jr, Robert E and Mitchell, Sandra D},
  booktitle={PSA: Proceedings of the biennial meeting of the philosophy of science association},
  pages={289--298},
  year={1990},
  organization={JSTOR}
}

@article{robinson1992regulation,
  title={Regulation of division of labor in insect societies},
  author={Robinson, Gene E},
  journal={Annual review of entomology},
  volume={37},
  number={1},
  pages={637--665},
  year={1992},
  publisher={Annual Reviews 4139 El Camino Way, PO Box 10139, Palo Alto, CA 94303-0139, USA}
}

@article{huang1996regulation,
  title={Regulation of honey bee division of labor by colony age demography},
  author={Huang, Zhi-Yong and Robinson, Gene E},
  journal={Behavioral Ecology and Sociobiology},
  volume={39},
  number={3},
  pages={147--158},
  year={1996},
  publisher={Springer}
}

@book{oster1978caste,
  title={Caste and ecology in the social insects},
  author={Oster, George F and Wilson, Edward O},
  year={1978},
  publisher={Princeton University Press}
}

@incollection{lerman2005review,
  title={A review of probabilistic macroscopic models for swarm robotic systems},
  author={Lerman, Kristina and Martinoli, Alcherio and Galstyan, Aram},
  booktitle={Swarm robotics},
  pages={143--152},
  year={2005},
  publisher={Springer}
}

@article{brambilla2013swarm,
  title={Swarm robotics: a review from the swarm engineering perspective},
  author={Brambilla, Manuele and Ferrante, Eliseo and Birattari, Mauro and Dorigo, Marco},
  journal={Swarm Intelligence},
  volume={7},
  number={1},
  pages={1--41},
  year={2013},
  publisher={Springer}
}

@article{hamann2008framework,
  title={A framework of space--time continuous models for algorithm design in swarm robotics},
  author={Hamann, Heiko and W{\"o}rn, Heinz},
  journal={Swarm Intelligence},
  volume={2},
  number={2-4},
  pages={209--239},
  year={2008},
  publisher={Springer}
}

@article{csahin2008special,
  title={Special issue on swarm robotics},
  author={{\c{S}}ahin, Erol and Winfield, Alan},
  journal={Swarm Intelligence},
  volume={2},
  number={2},
  pages={69--72},
  year={2008},
  publisher={Springer}
}

@article{nolfi1998coevolving,
  title={Coevolving predator and prey robots: Do “arms races” arise in artificial evolution?},
  author={Nolfi, Stefano and Floreano, Dario},
  journal={Artificial Life},
  volume={4},
  number={4},
  pages={311--335},
  year={1998},
  publisher={MIT Press}
}

@inproceedings{sugie1995placing,
  title={Placing objects with multiple mobile robots-mutual help using intention inference},
  author={Sugie, Hiroshi and Inagaki, Yasuhiro and Ono, Shuchir and Aisu, Hidyuki and Unemi, Tatsuo},
  booktitle={Robotics and Automation, 1995. Proceedings., 1995 IEEE International Conference on},
  volume={2},
  pages={2181--2186},
  year={1995},
  organization={IEEE}
}

@inproceedings{mataric1995cooperative,
  title={Cooperative multi-robot box-pushing},
  author={Mataric, Maja J and Nilsson, Martin and Simsarin, Kristian T},
  booktitle={Intelligent Robots and Systems 95.'Human Robot Interaction and Cooperative Robots', Proceedings. 1995 IEEE/RSJ International Conference on},
  volume={3},
  pages={556--561},
  year={1995},
  organization={IEEE}
}

@inproceedings{kennedy1995particle,
  title={Particle swarm optimization},
  author={Kennedy, James and Eberhart, Russell and others},
  booktitle={Proceedings of IEEE international conference on neural networks},
  volume={4},
  number={2},
  pages={1942--1948},
  year={1995},
  organization={Perth, Australia}
}

@article{passino2010bacterial,
  title={Bacterial foraging optimization},
  author={Passino, Kevin M},
  journal={International Journal of Swarm Intelligence Research (IJSIR)},
  volume={1},
  number={1},
  pages={1--16},
  year={2010},
  publisher={IGI Global}
}

@inproceedings{alers2014biologically,
  title={Biologically inspired multi-robot foraging},
  author={Alers, Sjriek and Claes, Daniel and Tuyls, Karl and Weiss, Gerhard},
  booktitle={Proceedings of the 2014 international conference on Autonomous agents and multi-agent systems},
  pages={1683--1684},
  year={2014},
  organization={International Foundation for Autonomous Agents and Multiagent Systems}
}

@incollection{beni1993swarm,
  title={Swarm intelligence in cellular robotic systems},
  author={Beni, Gerardo and Wang, Jing},
  booktitle={Robots and Biological Systems: Towards a New Bionics?},
  pages={703--712},
  year={1993},
  publisher={Springer}
}

@inproceedings{jones2003adaptive,
  title={Adaptive division of labor in large-scale minimalist multi-robot systems},
  author={Jones, Chris and Mataric, Maja J},
  booktitle={Intelligent Robots and Systems, 2003.(IROS 2003). Proceedings. 2003 IEEE/RSJ International Conference on},
  volume={2},
  pages={1969--1974},
  year={2003},
  organization={IEEE}
}

@article{gerkey2004formal,
  title={A formal analysis and taxonomy of task allocation in multi-robot systems},
  author={Gerkey, Brian P and Matari{\'c}, Maja J},
  journal={The International Journal of Robotics Research},
  volume={23},
  number={9},
  pages={939--954},
  year={2004},
  publisher={SAGE Publications}
}

@article{gerkey2002sold,
  title={Sold!: Auction methods for multirobot coordination},
  author={Gerkey, Brian P and Mataric, Maja J},
  journal={Robotics and Automation, IEEE Transactions on},
  volume={18},
  number={5},
  pages={758--768},
  year={2002},
  publisher={IEEE}
}

@article{gautrais2002emergent,
  title={Emergent polyethism as a consequence of increased colony size in insect societies},
  author={Gautrais, Jacques and Theraulaz, Guy and Deneubourg, Jean-Louis and Anderson, Carl},
  journal={Journal of Theoretical Biology},
  volume={215},
  number={3},
  pages={363--373},
  year={2002},
  publisher={Elsevier}
}

@incollection{dorigo2005swarm,
  title={The swarm-bots project},
  author={Dorigo, Marco and Tuci, Elio and Gro{\ss}, Roderich and Trianni, Vito and Labella, Thomas Halva and Nouyan, Shervin and Ampatzis, Christos and Deneubourg, Jean-Louis and Baldassarre, Gianluca and Nolfi, Stefano and others},
  booktitle={Swarm Robotics},
  pages={31--44},
  year={2005},
  publisher={Springer}
}

@inproceedings{gross2004group,
  title={Group transport of an object to a target that only some group members may sense},
  author={Gro{\ss}, Roderich and Dorigo, Marco},
  booktitle={Parallel Problem Solving from Nature-PPSN VIII},
  pages={852--861},
  year={2004},
  organization={Springer}
}

@article{liu2007towards,
  title={Towards energy optimization: Emergent task allocation in a swarm of foraging robots},
  author={Liu, Wenguo and Winfield, Alan FT and Sa, Jin and Chen, Jie and Dou, Lihua},
  journal={Adaptive Behavior},
  volume={15},
  number={3},
  pages={289--305},
  year={2007},
  publisher={SAGE Publications}
}

@article{labella2006division,
  title={Division of labor in a group of robots inspired by ants' foraging behavior},
  author={Labella, Thomas H and Dorigo, Marco and Deneubourg, Jean-Louis},
  journal={ACM Transactions on Autonomous and Adaptive Systems (TAAS)},
  volume={1},
  number={1},
  pages={4--25},
  year={2006},
  publisher={ACM}
}

@article{beshers2001models,
  title={Models of division of labor in social insects},
  author={Beshers, Samuel N and Fewell, Jennifer H},
  journal={Annual review of entomology},
  volume={46},
  number={1},
  pages={413--440},
  year={2001},
  publisher={Annual Reviews 4139 El Camino Way, PO Box 10139, Palo Alto, CA 94303-0139, USA}
}

@article{morley1946division,
  title={Division of labour in ants},
  author={Morley, Derek Wragge},
  journal={Nature},
  volume={158},
  pages={913--914},
  year={1946}
}

@inproceedings{martel2010using,
  title={Using a swarm of self-propelled natural microrobots in the form of flagellated bacteria to perform complex micro-assembly tasks},
  author={Martel, Sylvain and Mohammadi, Mahmood},
  booktitle={Robotics and Automation (ICRA), 2010 IEEE International Conference on},
  pages={500--505},
  year={2010},
  organization={IEEE}
}

@inproceedings{dhariwal2004bacterium,
  title={Bacterium-inspired robots for environmental monitoring},
  author={Dhariwal, Amit and Sukhatme, Gaurav and Requicha, Aristides AG},
  booktitle={Robotics and Automation, 2004. Proceedings. ICRA'04. 2004 IEEE International Conference on},
  volume={2},
  pages={1436--1443},
  year={2004},
  organization={IEEE}
}

@incollection{garnier2005aggregation,
  title={Aggregation behaviour as a source of collective decision in a group of cockroach-like-robots},
  author={Garnier, Simon and Jost, Christian and Jeanson, Rapha{\"e}l and Gautrais, Jacques and Asadpour, Masoud and Caprari, Gilles and Theraulaz, Guy},
  booktitle={Advances in artificial life},
  pages={169--178},
  year={2005},
  publisher={Springer}
}

@article{moore1989influence,
  title={The influence of time of day on the foraging behavior of the honeybee, Apis mellifera},
  author={Moore, Darrell and Siegfried, Dana and Wilson, Richard and Rankin, Mary Ann},
  journal={Journal of biological rhythms},
  volume={4},
  number={3},
  pages={305--325},
  year={1989},
  publisher={Sage Publications}
}

@article{menzel2001cognitive,
  title={Cognitive architecture of a mini-brain: the honeybee},
  author={Menzel, Randolf and Giurfa, Martin},
  journal={Trends in cognitive sciences},
  volume={5},
  number={2},
  pages={62--71},
  year={2001},
  publisher={Elsevier}
}

@article{zhang2006honeybee,
  title={Honeybee memory: a honeybee knows what to do and when},
  author={Zhang, Shaowu and Schwarz, Sebastian and Pahl, Mario and Zhu, Hong and Tautz, Juergen},
  journal={Journal of experimental biology},
  volume={209},
  number={22},
  pages={4420--4428},
  year={2006},
  publisher={The Company of Biologists Ltd}
}

@article{muller1988path,
  title={Path integration in desert ants, Cataglyphis fortis},
  author={M{\"u}ller, Martin and Wehner, R{\"u}diger},
  journal={Proceedings of the National Academy of Sciences},
  volume={85},
  number={14},
  pages={5287--5290},
  year={1988},
  publisher={National Acad Sciences}
}

@article{wehner2003desert,
  title={Desert ant navigation: how miniature brains solve complex tasks},
  author={Wehner, Rudiger},
  journal={Journal of Comparative Physiology A},
  volume={189},
  number={8},
  pages={579--588},
  year={2003},
  publisher={Springer}
}

@article{moller1998modeling,
  title={Modeling ant navigation with an autonomous agent},
  author={M{\"o}ller, Ralf and Lambrinos, Dimitrios and Pfeifer, Rolf and Labhart, Thomas and Wehner, R{\"u}diger},
  journal={From animals to animats},
  volume={5},
  pages={185--194},
  year={1998}
}

@article{dorigo2000ant,
  title={Ant algorithms and stigmergy},
  author={Dorigo, Marco and Bonabeau, Eric and Theraulaz, Guy},
  journal={Future Generation Computer Systems},
  volume={16},
  number={8},
  pages={851--871},
  year={2000},
  publisher={Elsevier}
}

@article{labella2006division,
  title={Division of labor in a group of robots inspired by ants' foraging behavior},
  author={Labella, Thomas H and Dorigo, Marco and Deneubourg, Jean-Louis},
  journal={ACM Transactions on Autonomous and Adaptive Systems (TAAS)},
  volume={1},
  number={1},
  pages={4--25},
  year={2006},
  publisher={ACM}
}

@inproceedings{jones2003adaptive,
  title={Adaptive division of labor in large-scale minimalist multi-robot systems},
  author={Jones, Chris and Mataric, Maja J},
  booktitle={Intelligent Robots and Systems, 2003.(IROS 2003). Proceedings. 2003 IEEE/RSJ International Conference on},
  volume={2},
  pages={1969--1974},
  year={2003},
  organization={IEEE}
}


@inproceedings{Balch99rewardand,
    author = {Tucker Balch},
    title = {Reward and Diversity in Multirobot Foraging},
    booktitle = {In IJCAI-99 Workshop on Agents Learning About, From and With other Agents},
    year = {1999}
}

@article{dorigo2004swarm,
	title={Swarm robotics},
	author={Dorigo, Marco and Sahin, Erol},
	journal={Auton. Robots},
	volume={17},
	number={2-3},
	pages={111--113},
	year={2004}
}

@article{bernstein1974seasonal,
  title={Seasonal food abundance and foraging activity in some desert ants},
  author={Bernstein, Ruth A},
  journal={American Naturalist},
  pages={490--498},
  year={1974},
  publisher={JSTOR}
}

@book{holldobler1990ants,
  title={The ants},
  author={H{\"o}lldobler, Bert},
  year={1990},
  publisher={Harvard University Press}
}

@book{resnick1994turtles,
  title={Turtles, termites, and traffic jams: Explorations in massively parallel microworlds},
  author={Resnick, Mitchel},
  year={1994},
  publisher={Mit Press}
}

@book{seeley2009wisdom,
  title={The wisdom of the hive: the social physiology of honey bee colonies},
  author={Seeley, Thomas D},
  year={2009},
  publisher={Harvard University Press}
}

@inproceedings{jennings1997cooperative,
  title={Cooperative search and rescue with a team of mobile robots},
  author={Jennings, James S and Whelan, Greg and Evans, William F},
  booktitle={Advanced Robotics, 1997. ICAR'97. Proceedings., 8th International Conference on},
  pages={193--200},
  year={1997},
  organization={IEEE}
}

@inproceedings{murphy2000biomimetic,
  title={Biomimetic search for urban search and rescue},
  author={Murphy, Robin R},
  booktitle={Intelligent Robots and Systems, 2000.(IROS 2000). Proceedings. 2000 IEEE/RSJ International Conference on},
  volume={3},
  pages={2073--2078},
  year={2000},
  organization={IEEE}
}

@article{balch1995io,
  title={Io, Ganymede, and Callisto a multiagent robot trash-collecting team},
  author={Balch, Tucker and Boone, Gary and Collins, Thomas and Forbes, Harold and MacKenzie, Doug and Santamar, Juan Carlos},
  journal={AI magazine},
  volume={16},
  number={2},
  pages={39},
  year={1995}
}
 
 @incollection{hecker2012formica,
   title={Formica ex machina: ant swarm foraging from physical to virtual and back again},
   author={Hecker, Joshua P and Letendre, Kenneth and Stolleis, Karl and Washington, Daniel and Moses, Melanie E},
   booktitle={Swarm Intelligence},
   pages={252--259},
   year={2012},
   publisher={Springer}
 }
 
 @inproceedings{ostergaard2001emergent,
   title={Emergent bucket brigading-a simple mechanism for improving performance in multi-robot constrained-space foraging tasks},
   author={{\O}stergaard, Esben H and Sukhatme, Gaurav S and Mataric, Maja J},
   booktitle={In Autonomous Agents},
   year={2001},
   organization={Citeseer}
 }
 
 @book{stephens1986foraging,
   title={Foraging theory},
   author={Stephens, David W},
   year={1986},
   publisher={Princeton University Press}
 }
 
 @inproceedings{hoff2010two,
   title={Two foraging algorithms for robot swarms using only local communication},
   author={Hoff, Nicholas R and Sagoff, Amelia and Wood, Robert J and Nagpal, Radhika},
   booktitle={Robotics and Biomimetics (ROBIO), 2010 IEEE International Conference on},
   pages={123--130},
   year={2010},
   organization={IEEE}
 }
 
 @article{collett1998local,
   title={Local and global vectors in desert ant navigation},
   author={Collett, Matthew and Collett, Thomas S and Bisch, Sonja and Wehner, R{\"u}diger},
   journal={Nature},
   volume={394},
   number={6690},
   pages={269--272},
   year={1998},
   publisher={Nature Publishing Group}
 }
 
 @inproceedings{balch1999impact,
   title={The impact of diversity on performance in multi-robot foraging},
   author={Balch, Tucker},
   booktitle={Proceedings of the third annual conference on Autonomous Agents},
   pages={92--99},
   year={1999},
   organization={ACM}
 }
 
 @inproceedings{lumer1994diversity,
   title={Diversity and adaptation in populations of clustering ants},
   author={Lumer, Erik D and Faieta, Baldo},
   booktitle={Proceedings of the third international conference on Simulation of adaptive behavior: from animals to animats 3: from animals to animats 3},
   pages={501--508},
   year={1994},
   organization={MIT Press}
 }
 
 @book{oster1978caste,
  title={Caste and ecology in the social insects.(MPB-12)},
  author={Oster, George F and Wilson, Edward Osborne},
  year={1978},
  publisher={Princeton University Press}
}

@inproceedings{ostergaard2001emergent,
  title={Emergent bucket brigading-a simple mechanism for improving performance in multi-robot constrained-space foraging tasks},
  author={{\O}stergaard, Esben H and Sukhatme, Gaurav S and Mataric, Maja J},
  booktitle={In Autonomous Agents},
  year={2001},
  organization={Citeseer}
}
 
 
 @MISC{robominer:svn,
 url = https://www.assembla.com/code/robominer/subversion/nodes,
 author = {Abbott, Jade},
 title = {https://www.assembla.com/code/robominer/subversion/nodes},
 month = october,
 year = {2013}
 }

@incollection{schmickl2007collective,
  title={Collective perception in a robot swarm},
  author={Schmickl, Thomas and M{\"o}slinger, Christoph and Crailsheim, Karl},
  booktitle={Swarm robotics},
  pages={144--157},
  year={2007},
  publisher={Springer}
}

@article{kernbach2009re,
  title={Re-embodiment of honeybee aggregation behavior in an artificial micro-robotic system},
  author={Kernbach, Serge and Thenius, Ronald and Kernbach, Olga and Schmickl, Thomas},
  journal={Adaptive Behavior},
  volume={17},
  number={3},
  pages={237--259},
  year={2009},
  publisher={Sage Publications}
}

@inproceedings{lin2009chaotic,
  title={Chaotic bee swarm optimization algorithm for path planning of mobile robots},
  author={Lin, Jiann-Horng and Huang, Li-Ren and others},
  booktitle={Proceedings of the 10th WSEAS international conference on evolutionary computing},
  pages={84--89},
  year={2009},
  organization={World Scientific and Engineering Academy and Society (WSEAS)}
}

@book{seeley2009wisdom,
  title={The wisdom of the hive: the social physiology of honey bee colonies},
  author={Seeley, Thomas D},
  year={2009},
  publisher={Harvard University Press}
}

@article{beekman2007makes,
  title={What makes a honeybee scout?},
  author={Beekman, Madeleine and Gilchrist, Amy L and Duncan, Michael and Sumpter, David JT},
  journal={Behavioral Ecology and Sociobiology},
  volume={61},
  number={7},
  pages={985--995},
  year={2007},
  publisher={Springer}
}
 
@article{janson2007searching,
  title={Searching for a new home—scouting behavior of honeybee swarms},
  author={Janson, Stefan and Middendorf, Martin and Beekman, Madeleine},
  journal={Behavioral Ecology},
  volume={18},
  number={2},
  pages={384--392},
  year={2007},
  publisher={ISBE}
}

@article{bailishive,
  title={The Hive is Hungry: Exploring Bee Colony Search and Foraging Behavior through Agent-Based Simulation},
  author={Bailis, Peter and Lifland, Peter}
}


@article{dorigo2004swarm,
	title={Swarm robotics},
	author={Dorigo, Marco and Sahin, Erol},
	journal={Auton. Robots},
	volume={17},
	number={2-3},
	pages={111--113},
	year={2004}
}

@article{bernstein1974seasonal,
  title={Seasonal food abundance and foraging activity in some desert ants},
  author={Bernstein, Ruth A},
  journal={American Naturalist},
  pages={490--498},
  year={1974},
  publisher={JSTOR}
}

@book{holldobler1990ants,
  title={The ants},
  author={H{\"o}lldobler, Bert},
  year={1990},
  publisher={Harvard University Press}
}

@book{resnick1994turtles,
  title={Turtles, termites, and traffic jams: Explorations in massively parallel microworlds},
  author={Resnick, Mitchel},
  year={1994},
  publisher={Mit Press}
}

@book{seeley2009wisdom,
  title={The wisdom of the hive: the social physiology of honey bee colonies},
  author={Seeley, Thomas D},
  year={2009},
  publisher={Harvard University Press}
}

@inproceedings{jennings1997cooperative,
  title={Cooperative search and rescue with a team of mobile robots},
  author={Jennings, James S and Whelan, Greg and Evans, William F},
  booktitle={Advanced Robotics, 1997. ICAR'97. Proceedings of the 8th International Conference},
  pages={193--200},
  year={1997},
  organization={IEEE}
}

@inproceedings{murphy2000biomimetic,
  title={Biomimetic search for urban search and rescue},
  author={Murphy, Robin R},
  booktitle={Proceedings of Intelligent Robots and Systems, 2000.(IROS 2000). 2000 IEEE/RSJ International Conference on},
  volume={3},
  pages={2073--2078},
  year={2000},
  organization={IEEE}
}

@article{frimmel2002recent,
  title={Recent developments concerning the geological history and genesis of the Witwatersrand gold deposits, South Africa},
  author={Frimmel, HE and Minter, WEL},
  journal={Special Publication-Society of Economic Geologists},
  volume={9},
  pages={17--46},
  year={2002},
  publisher={Littleton; CO; Society of Economic Geologists; 1997}
}

@article{balch1995io,
  title={Io, Ganymede, and Callisto a multiagent robot trash-collecting team},
  author={Balch, Tucker and Boone, Gary and Collins, Thomas and Forbes, Harold and MacKenzie, Doug and Santamar, Juan Carlos},
  journal={AI magazine},
  volume={16},
  number={2},
  pages={39},
  year={1995}
}
 
 @inproceedings{mondada2009puck,
  title={The e-puck, a robot designed for education in engineering},
  author={Mondada, Francesco and Bonani, Michael and Raemy, Xavier and Pugh, James and Cianci, Christopher and Klaptocz, Adam and Magnenat, St{\'e}phane and Zufferey, Jean-Christophe and Floreano, Dario and Martinoli, Alcherio},
  booktitle={Proceedings of the 9th conference on autonomous robot systems and competitions},
  volume={1},
  number={1},
  pages={59--65},
  year={2009}
}

@article{codling2008random,
  title={Random walk models in biology},
  author={Codling, Edward A and Plank, Michael J and Benhamou, Simon},
  journal={Journal of the Royal Society Interface},
  volume={5},
  number={25},
  pages={813--834},
  year={2008},
  publisher={The Royal Society}
}

 
 @incollection{hecker2012formica,
   title={Formica ex machina: ant swarm foraging from physical to virtual and back again},
   author={Hecker, Joshua P and Letendre, Kenneth and Stolleis, Karl and Washington, Daniel and Moses, Melanie E},
   booktitle={Swarm Intelligence},
   pages={252--259},
   year={2012},
   publisher={Springer}
 }
 
 @inproceedings{ostergaard2001emergent,
  title={Emergent bucket brigading: a simple mechanisms for improving performance in multi-robot constrained-space foraging tasks},
  author={\O stergaard, Esben H and Sukhatme, Gaurav S and Matari, Maja J},
  booktitle={Proceedings of the fifth international conference on Autonomous agents},
  pages={29--30},
  year={2001},
  organization={ACM}
}
 
 @book{stephens1986foraging,
   title={Foraging theory},
   author={Stephens, David W},
   year={1986},
   publisher={Princeton University Press}
 }
 
 @article{switzer1993site,
  title={Site fidelity in predictable and unpredictable habitats},
  author={Switzer, Paul V},
  journal={Evolutionary Ecology},
  volume={7},
  number={6},
  pages={533--555},
  year={1993},
  publisher={Springer}
}

 @inproceedings{hoff2010two,
   title={Two foraging algorithms for robot swarms using only local communication},
   author={Hoff, Nicholas R and Sagoff, Amelia and Wood, Robert J and Nagpal, Radhika},
   booktitle={Proceedings of Robotics and Biomimetics (ROBIO), 2010 IEEE International Conference on},
   pages={123--130},
   year={2010},
   organization={IEEE}
 }
 
 @article{collett1998local,
   title={Local and global vectors in desert ant navigation},
   author={Collett, Matthew and Collett, Thomas S and Bisch, Sonja and Wehner, R{\"u}diger},
   journal={Nature},
   volume={394},
   number={6690},
   pages={269--272},
   year={1998},
   publisher={Nature Publishing Group}
 }
 
 @inproceedings{balch1999impact,
   title={The impact of diversity on performance in multi-robot foraging},
   author={Balch, Tucker},
   booktitle={Proceedings of the third annual conference on Autonomous Agents},
   pages={92--99},
   year={1999},
   organization={ACM}
 }
 
 @inproceedings{lumer1994diversity,
   title={Diversity and adaptation in populations of clustering ants},
   author={Lumer, Erik D and Faieta, Baldo},
   booktitle={Proceedings of the third international conference on Simulation of adaptive behavior: from animals to animats},
   pages={501--508},
   year={1994},
   organization={MIT Press}
 }
 
@MISC{robominer:svn,
 	url = https://www.assembla.com/code/robominer/subversion/nodes,
 	author = {Abbott, Jade},
 	title = {https://www.assembla.com/code/robominer/subversion/nodes},
 	month = october,
 	year = {2013}
 }

@article{ronacher2008path,
  title={Path integration as the basic navigation mechanism of the desert ant Cataglyphis fortis (Forel, 1902)(Hymenoptera: Formicidae)},
  author={Ronacher, Bernhard},
  journal={Myrmecological News},
  volume={11},
  pages={53--62},
  year={2008}
}

@article{antoniou2012congestion,
  title={Congestion control in wireless sensor networks based on bird flocking behavior},
  author={Antoniou, Pavlos and Pitsillides, Andreas and Blackwell, Tim and Engelbrecht, Andries and Michael, Loizos},
  journal={Computer Networks},
  year={2012},
  publisher={Elsevier}
}


@techreport{mondada2002search,
  title={Search for rescue: an application for the SWARM-BOT self-assembling robot concept},
  author={Mondada, Francesco and Floreano, Dario and Guignard, Andr{\'e} and Deneubourg, Jean-Louis and Gambardella, Luca and Nolfi, Stefano and Dorigo, Marco},
  year={2002},
  institution={Citeseer}
}

@inproceedings{correll2007challenging,
  title={A challenging application in swarm robotics: The autonomous inspection of complex engineered structures},
  author={Correll, Nikolaus and Martinoli, Alcherio},
  booktitle={Bulletin of the Swiss Society for Automatic Control},
  year={2007},
  organization={Citeseer}
}

@article{wilson1971insect,
  title={The insect societies.},
  author={Wilson, Edward O and others},
  journal={The insect societies.},
  year={1971},
  publisher={Cambridge, Massachusetts, USA, Harvard University Press [Distributed by Oxford University Press}
}

@incollection{csahin2005swarm,
  title={Swarm robotics: From sources of inspiration to domains of application},
  author={{\c{S}}ahin, Erol},
  booktitle={Swarm robotics},
  pages={10--20},
  year={2005},
  publisher={Springer}
}

@incollection{dorigo2010ant,
  title={Ant colony optimization},
  author={Dorigo, Marco and Birattari, Mauro},
  booktitle={Encyclopedia of Machine Learning},
  pages={36--39},
  year={2010},
  publisher={Springer}
}

@book{dorigo2006ant,
  title={Ant Colony Optimization and Swarm Intelligence: 5th International Workshop, ANTS 2006, Brussels, Belgium, September 4-7, 2006, Proceedings},
  author={Dorigo, Marco},
  volume={4150},
  year={2006},
  publisher={Springer-Verlag New York Incorporated}
}

@article{bailishive,
  title={The Hive is Hungry: Exploring Bee Colony Search and Foraging Behavior through Agent-Based Simulation},
  author={Bailis, Peter and Lifland, Peter}
}

 @article{collett1998local,
   title={Local and global vectors in desert ant navigation},
   author={Collett, Matthew and Collett, Thomas S and Bisch, Sonja and Wehner, R{\"u}diger},
   journal={Nature},
   volume={394},
   number={6690},
   pages={269--272},
   year={1998},
   publisher={Nature Publishing Group}
 }

@article{ronacher2008path,
  title={Path integration as the basic navigation mechanism of the desert ant Cataglyphis fortis (Forel, 1902)(Hymenoptera: Formicidae)},
  author={Ronacher, Bernhard},
  journal={Myrmecological News},
  volume={11},
  pages={53--62},
  year={2008}
}

@inproceedings{lee2012foraging,
  title={Foraging swarm robots system adopting honey bee swarm for improving energy efficiency},
  author={Lee, Jong-Hyun and Kim, Hyun-Tae and Ahn, Chang Wook},
  booktitle={Proceedings of the 6th International Conference on Ubiquitous Information Management and Communication},
  pages={100},
  year={2012},
  organization={ACM}
}

@incollection{campo2007efficient,
  title={Efficient multi-foraging in swarm robotics},
  author={Campo, Alexandre and Dorigo, Marco},
  booktitle={Advances in Artificial Life},
  pages={696--705},
  year={2007},
  publisher={Springer}
}

@inproceedings{werger1996robotic,
  title={Robotic" food" chains: Externalization of state and program for minimal-agent foraging},
  author={Werger, Barry Brian and Mataric, Maja J},
  booktitle={In (Maes et al},
  year={1996},
  organization={Citeseer}
}

@inproceedings{sugawara2002swarming,
  title={Swarming robots-foraging behavior of simple multirobot system},
  author={Sugawara, Ken and Watanabe, Toshinori},
  booktitle={Intelligent Robots and Systems, 2002. IEEE/RSJ International Conference on},
  volume={3},
  pages={2702--2707},
  year={2002},
  organization={IEEE}
}

@inproceedings{hoff2010two,
  title={Two foraging algorithms for robot swarms using only local communication},
  author={Hoff, Nicholas R and Sagoff, Amelia and Wood, Robert J and Nagpal, Radhika},
  booktitle={Robotics and Biomimetics (ROBIO), 2010 IEEE International Conference on},
  pages={123--130},
  year={2010},
  organization={IEEE}
}

@incollection{vaughan2000blazing,
  title={Blazing a trail: insect-inspired resource transportation by a robot team},
  author={Vaughan, Richard T and St{\o}y, Kasper and Sukhatme, Gaurav S and Matari{\'c}, Maja J},
  booktitle={Distributed Autonomous Robotic Systems 4},
  pages={111--120},
  year={2000},
  publisher={Springer}
}

@article{dimarogonas2008connectedness,
  title={Connectedness preserving distributed swarm aggregation for multiple kinematic robots},
  author={Dimarogonas, Dimos V and Kyriakopoulos, Kostas J},
  journal={Robotics, IEEE Transactions on},
  volume={24},
  number={5},
  pages={1213--1223},
  year={2008},
  publisher={IEEE}
}

@article{schmickl2009two,
  title={Two different approaches to a macroscopic model of a bio-inspired robotic swarm},
  author={Schmickl, Thomas and Hamann, Heiko and W{\"o}rn, Heinz and Crailsheim, Karl},
  journal={Robotics and Autonomous Systems},
  volume={57},
  number={9},
  pages={913--921},
  year={2009},
  publisher={Elsevier}
}

@article{schmickl2011beeclust,
  title={BEECLUST: A swarm algorithm derived from honeybees},
  author={Schmickl, Thomas and Hamann, Heiko},
  journal={Bio-inspired Computing and Communication Networks. CRC Press (March 2011)},
  year={2011}
}

@article{bonabeau2001self,
  title={Self-organization in biological systems},
  author={Bonabeau, Eric and Camazine, S and Deneubourg, JL and Franks, NR and Sneyd, J and Theraulaz, G},
  journal={Princeton Univer},
  year={2001}
}

@incollection{trianni2003evolving,
  title={Evolving aggregation behaviors in a swarm of robots},
  author={Trianni, Vito and Gro{\ss}, Roderich and Labella, Thomas H and {\c{S}}ahin, Erol and Dorigo, Marco},
  booktitle={Advances in artificial life},
  pages={865--874},
  year={2003},
  publisher={Springer}
}

@article{soysal2007aggregation,
  title={Aggregation in swarm robotic systems: Evolution and probabilistic control},
  author={Soysal, Onur and Bah{\c{c}}eci, Erkin and Sahin, Erol},
  journal={Turkish Journal Electrical Engineering},
  volume={15},
  number={2},
  pages={199--225},
  year={2007}
}

@inproceedings{yan2011algorithm,
  title={An algorithm for self-organized aggregation of swarm robotics using timer},
  author={Yan, Xinan and Liang, Alei and Guan, Haibing},
  booktitle={Swarm Intelligence (SIS), 2011 IEEE Symposium on},
  pages={1--7},
  year={2011},
  organization={IEEE}
}

@article{schneider1998territorial,
  title={Territorial multi-robot task division},
  author={Schneider-Fontan, Miguel and Mataric, Maja J},
  journal={Robotics and Automation, IEEE Transactions on},
  volume={14},
  number={5},
  pages={815--822},
  year={1998},
  publisher={IEEE}
}

@article{balch1998behavior,
  title={Behavior-based formation control for multirobot teams},
  author={Balch, Tucker and Arkin, Ronald C},
  journal={Robotics and Automation, IEEE Transactions on},
  volume={14},
  number={6},
  pages={926--939},
  year={1998},
  publisher={IEEE}
}

@article{dorigo2004evolving,
  title={Evolving self-organizing behaviors for a swarm-bot},
  author={Dorigo, Marco and Trianni, Vito and {\c{S}}ahin, Erol and Gro{\ss}, Roderich and Labella, Thomas H and Baldassarre, Gianluca and Nolfi, Stefano and Deneubourg, Jean-Louis and Mondada, Francesco and Floreano, Dario and others},
  journal={Autonomous Robots},
  volume={17},
  number={2-3},
  pages={223--245},
  year={2004},
  publisher={Springer}
}

@article{balch1995io,
  title={Io, Ganymede, and Callisto - a multiagent robot trash-collecting team},
  author={Balch, Tucker and Boone, Gary and Collins, Thomas and Forbes, Harold and MacKenzie, Doug and Santamar, Juan Carlos},
  journal={AI magazine},
  volume={16},
  number={2},
  pages={39},
  year={1995}
}

@article{balch2000hierarchic,
  title={Hierarchic social entropy: An information theoretic measure of robot group diversity},
  author={Balch, Tucker},
  journal={Autonomous robots},
  volume={8},
  number={3},
  pages={209--238},
  year={2000},
  publisher={Springer}
}


@inproceedings{balch1999impact,
  title={The impact of diversity on performance in multi-robot foraging},
  author={Balch, Tucker},
  booktitle={Proceedings of the third annual conference on Autonomous Agents},
  pages={92--99},
  year={1999},
  organization={ACM}
}

@INPROCEEDINGS{Goldberg01designand,
    author = {Dani Goldberg and Maja J Mataric},
    title = {Design and Evaluation of Robust Behavior-Based Controllers for Distributed Multi-Robot Collection Tasks},
    booktitle = {Robot Teams: From Diversity to Polymorphism},
    year = {2001},
    pages = {315--344},
    publisher = {A K Peters Ltd}
}

@inproceedings{ostergaard2001emergent,
  title={Emergent bucket brigading: a simple mechanisms for improving performance in multi-robot constrained-space foraging tasks},
  author={Ostergaard, Esben H and Sukhatme, Gaurav S and Matari, Maja J},
  booktitle={Proceedings of the fifth international conference on Autonomous agents},
  pages={29--30},
  year={2001},
  organization={ACM}
}

%Complete
@incollection{winfield2009foraging,
  author    = {Alan F. T. Winfield},
  title     = {Foraging Robots},
  booktitle = {Encyclopedia of Complexity and Systems Science},
  year      = {2009},
  pages     = {3682-3700},
  ee        = {http://dx.doi.org/10.1007/978-0-387-30440-3_217},
  crossref  = {DBLP:reference/complexity/2009},
  bibsource = {DBLP, http://dblp.uni-trier.de}
}